
@article{hallucinate,
	title = {Developers have tricks for stamping out artificial- intelligence hallucinations, but large language models are still struggling to tell the truth, the whole truth and nothing but the truth. {By} {Nicola} {Jones}},
	language = {en},
	author = {Banach, Karol},
	file = {PDF:/Users/tiffanymo/Zotero/storage/DBV6L3K6/Banach - Developers have tricks for stamping out artificial- intelligence hallucinations, but large language.pdf:application/pdf},
}
